

@ARTICLE{2022ApJS..259...58L,
    author = "{Lochner}, Michelle and {Scolnic}, Dan and {Almoubayyed}, Husni and {Anguita}, Timo and {Awan}, Humna and {Gawiser}, Eric and {A Gontcho}, Satya Gontcho and {Graham}, Melissa L. and {Gris}, Philippe and {Huber}, Simon and {Jha}, Saurabh W. and {Lynne Jones}, R. and {Kim}, Alex G. and {Mandelbaum}, Rachel and {Marshall}, Phil and {Petrushevska}, Tanja and {Regnault}, Nicolas and {Setzer}, Christian N. and {Suyu}, Sherry H. and {Yoachim}, Peter and {Biswas}, Rahul and {Blaineau}, Tristan and {Hook}, Isobel and {Moniez}, Marc and {Neilsen}, Eric and {Peiris}, Hiranya and {Rothchild}, Daniel and {Stubbs}, Christopher and {LSST Dark Energy Science Collaboration}",
    title = "{The Impact of Observing Strategy on Cosmological Constraints with LSST}",
    journal = "\apjs",
    keywords = "Cosmology, Observational cosmology, Optical telescopes, Sky surveys, 343, 1146, 1174, 1464, Astrophysics - Cosmology and Nongalactic Astrophysics",
    year = "2022",
    month = "April",
    volume = "259",
    number = "2",
    eid = "58",
    pages = "58",
    doi = "10.3847/1538-4365/ac5033",
    archivePrefix = "arXiv",
    eprint = "2104.05676",
    primaryClass = "astro-ph.CO",
    adsurl = "https://ui.adsabs.harvard.edu/abs/2022ApJS..259...58L",
    adsnote = "Provided by the SAO/NASA Astrophysics Data System"
}

@ARTICLE{2022PhRvD.105b3520A,
    author = "{Abbott}, T. M. C. and {Aguena}, M. and {Alarcon}, A. and {Allam}, S. and {Alves}, O. and {Amon}, A. and {Andrade-Oliveira}, F. and {Annis}, J. and {Avila}, S. and {Bacon}, D. and {Baxter}, E. and {Bechtol}, K. and {Becker}, M. R. and {Bernstein}, G. M. and {Bhargava}, S. and {Birrer}, S. and {Blazek}, J. and {Brandao-Souza}, A. and {Bridle}, S. L. and {Brooks}, D. and {Buckley-Geer}, E. and {Burke}, D. L. and {Camacho}, H. and {Campos}, A. and {Carnero Rosell}, A. and {Carrasco Kind}, M. and {Carretero}, J. and {Castander}, F. J. and {Cawthon}, R. and {Chang}, C. and {Chen}, A. and {Chen}, R. and {Choi}, A. and {Conselice}, C. and {Cordero}, J. and {Costanzi}, M. and {Crocce}, M. and {da Costa}, L. N. and {da Silva Pereira}, M. E. and {Davis}, C. and {Davis}, T. M. and {De Vicente}, J. and {DeRose}, J. and {Desai}, S. and {Di Valentino}, E. and {Diehl}, H. T. and {Dietrich}, J. P. and {Dodelson}, S. and {Doel}, P. and {Doux}, C. and {Drlica-Wagner}, A. and {Eckert}, K. and {Eifler}, T. F. and {Elsner}, F. and {Elvin-Poole}, J. and {Everett}, S. and {Evrard}, A. E. and {Fang}, X. and {Farahi}, A. and {Fernandez}, E. and {Ferrero}, I. and {Fert{\'e}}, A. and {Fosalba}, P. and {Friedrich}, O. and {Frieman}, J. and {Garc{\'\i}a-Bellido}, J. and {Gatti}, M. and {Gaztanaga}, E. and {Gerdes}, D. W. and {Giannantonio}, T. and {Giannini}, G. and {Gruen}, D. and {Gruendl}, R. A. and {Gschwend}, J. and {Gutierrez}, G. and {Harrison}, I. and {Hartley}, W. G. and {Herner}, K. and {Hinton}, S. R. and {Hollowood}, D. L. and {Honscheid}, K. and {Hoyle}, B. and {Huff}, E. M. and {Huterer}, D. and {Jain}, B. and {James}, D. J. and {Jarvis}, M. and {Jeffrey}, N. and {Jeltema}, T. and {Kovacs}, A. and {Krause}, E. and {Kron}, R. and {Kuehn}, K. and {Kuropatkin}, N. and {Lahav}, O. and {Leget}, P. -F. and {Lemos}, P. and {Liddle}, A. R. and {Lidman}, C. and {Lima}, M. and {Lin}, H. and {MacCrann}, N. and {Maia}, M. A. G. and {Marshall}, J. L. and {Martini}, P. and {McCullough}, J. and {Melchior}, P. and {Mena-Fern{\'a}ndez}, J. and {Menanteau}, F. and {Miquel}, R. and {Mohr}, J. J. and {Morgan}, R. and {Muir}, J. and {Myles}, J. and {Nadathur}, S. and {Navarro-Alsina}, A. and {Nichol}, R. C. and {Ogando}, R. L. C. and {Omori}, Y. and {Palmese}, A. and {Pandey}, S. and {Park}, Y. and {Paz-Chinch{\'o}n}, F. and {Petravick}, D. and {Pieres}, A. and {Plazas Malag{\'o}n}, A. A. and {Porredon}, A. and {Prat}, J. and {Raveri}, M. and {Rodriguez-Monroy}, M. and {Rollins}, R. P. and {Romer}, A. K. and {Roodman}, A. and {Rosenfeld}, R. and {Ross}, A. J. and {Rykoff}, E. S. and {Samuroff}, S. and {S{\'a}nchez}, C. and {Sanchez}, E. and {Sanchez}, J. and {Sanchez Cid}, D. and {Scarpine}, V. and {Schubnell}, M. and {Scolnic}, D. and {Secco}, L. F. and {Serrano}, S. and {Sevilla-Noarbe}, I. and {Sheldon}, E. and {Shin}, T. and {Smith}, M. and {Soares-Santos}, M. and {Suchyta}, E. and {Swanson}, M. E. C. and {Tabbutt}, M. and {Tarle}, G. and {Thomas}, D. and {To}, C. and {Troja}, A. and {Troxel}, M. A. and {Tucker}, D. L. and {Tutusaus}, I. and {Varga}, T. N. and {Walker}, A. R. and {Weaverdyck}, N. and {Wechsler}, R. and {Weller}, J. and {Yanny}, B. and {Yin}, B. and {Zhang}, Y. and {Zuntz}, J. and {DES Collaboration}",
    title = "{Dark Energy Survey Year 3 results: Cosmological constraints from galaxy clustering and weak lensing}",
    journal = "\prd",
    keywords = "Astrophysics - Cosmology and Nongalactic Astrophysics",
    year = "2022",
    month = "January",
    volume = "105",
    number = "2",
    eid = "023520",
    pages = "023520",
    doi = "10.1103/PhysRevD.105.023520",
    archivePrefix = "arXiv",
    eprint = "2105.13549",
    primaryClass = "astro-ph.CO",
    adsurl = "https://ui.adsabs.harvard.edu/abs/2022PhRvD.105b3520A",
    adsnote = "Provided by the SAO/NASA Astrophysics Data System"
}

@ARTICLE{2023JCAP...07..044B,
    author = "{Baleato Lizancos}, Ant{\'o}n and {White}, Martin",
    title = "{The impact of anisotropic redshift distributions on angular clustering}",
    journal = "\jcap",
    keywords = "cosmological parameters from LSS, power spectrum, Astrophysics - Cosmology and Nongalactic Astrophysics",
    year = "2023",
    month = "July",
    volume = "2023",
    number = "7",
    eid = "044",
    pages = "044",
    doi = "10.1088/1475-7516/2023/07/044",
    archivePrefix = "arXiv",
    eprint = "2305.15406",
    primaryClass = "astro-ph.CO",
    adsurl = "https://ui.adsabs.harvard.edu/abs/2023JCAP...07..044B",
    adsnote = "Provided by the SAO/NASA Astrophysics Data System"
}

@ARTICLE{Bianco_2022,
    author = "{Bianco}, Federica B. and {Ivezi{\'c}}, {\v{Z}}eljko and {Jones}, R. Lynne and {Graham}, Melissa L. and {Marshall}, Phil and {Saha}, Abhijit and {Strauss}, Michael A. and {Yoachim}, Peter and {Ribeiro}, Tiago and {Anguita}, Timo and {Bauer}, A. E. and {Bauer}, Franz E. and {Bellm}, Eric C. and {Blum}, Robert D. and {Brandt}, William N. and {Brough}, Sarah and {Catelan}, M{\'a}rcio and {Clarkson}, William I. and {Connolly}, Andrew J. and {Gawiser}, Eric and {Gizis}, John E. and {Hlo{\v{z}}ek}, Ren{\'e}e and {Kaviraj}, Sugata and {Liu}, Charles T. and {Lochner}, Michelle and {Mahabal}, Ashish A. and {Mandelbaum}, Rachel and {McGehee}, Peregrine and {Neilsen}, Jr., Eric H. and {Olsen}, Knut A. G. and {Peiris}, Hiranya V. and {Rhodes}, Jason and {Richards}, Gordon T. and {Ridgway}, Stephen and {Schwamb}, Megan E. and {Scolnic}, Dan and {Shemmer}, Ohad and {Slater}, Colin T. and {Slosar}, An{\v{z}}e and {Smartt}, Stephen J. and {Strader}, Jay and {Street}, Rachel and {Trilling}, David E. and {Verma}, Aprajita and {Vivas}, A. K. and {Wechsler}, Risa H. and {Willman}, Beth",
    title = "{Optimization of the Observing Cadence for the Rubin Observatory Legacy Survey of Space and Time: A Pioneering Process of Community-focused Experimental Design}",
    journal = "\apjs",
    keywords = "1464, Astrophysics - Instrumentation and Methods for Astrophysics",
    year = "2022",
    month = "January",
    volume = "258",
    number = "1",
    eid = "1",
    pages = "1",
    doi = "10.3847/1538-4365/ac3e72",
    archivePrefix = "arXiv",
    eprint = "2108.01683",
    primaryClass = "astro-ph.IM",
    adsurl = "https://ui.adsabs.harvard.edu/abs/2022ApJS..258....1B",
    adsnote = "Provided by the SAO/NASA Astrophysics Data System"
}

@ARTICLE{Brandt:2018,
    author = "{Brandt}, W. N. and {Ni}, Q. and {Yang}, G. and {Anderson}, S. F. and {Assef}, R. J. and {Barth}, A. J. and {Bauer}, F. E. and {Bongiorno}, A. and {Chen}, C. -T. and {De Cicco}, D. and {Gezari}, S. and {Grier}, C. J. and {Hall}, P. B. and {Hoenig}, S. F. and {Lacy}, M. and {Li}, J. and {Luo}, B. and {Paolillo}, M. and {Peterson}, B. M. and {Popovi{\'c}}, L. C. and {Richards}, G. T. and {Shemmer}, O. and {Shen}, Y. and {Sun}, M. and {Timlin}, J. D. and {Trump}, J. R. and {Vito}, F. and {Yu}, Z.",
    title = "{Active Galaxy Science in the LSST Deep-Drilling Fields: Footprints, Cadence Requirements, and Total-Depth Requirements}",
    journal = "arXiv e-prints",
    keywords = "Astrophysics - Instrumentation and Methods for Astrophysics, Astrophysics - Astrophysics of Galaxies, Astrophysics - High Energy Astrophysical Phenomena",
    year = "2018",
    month = "November",
    eid = "arXiv:1811.06542",
    pages = "arXiv:1811.06542",
    doi = "10.48550/arXiv.1811.06542",
    archivePrefix = "arXiv",
    eprint = "1811.06542",
    primaryClass = "astro-ph.IM",
    adsurl = "https://ui.adsabs.harvard.edu/abs/2018arXiv181106542B",
    adsnote = "Provided by the SAO/NASA Astrophysics Data System"
}

@ARTICLE{Czerny:2023,
    author = {{Czerny}, Bozena and {Panda}, Swayamtrupta and {Prince}, Raj and {Kumar Jaiswal}, Vikram and {Zaja{\v{c}}ek}, Michal and {Martinez Aldama}, Mary Loli and {Koz{\l}owski}, Szymon and {Kovacevic}, Andjelka B. and {Ilic}, Dragana and {Popovi{\'c}}, Luka {\v{C}}. and {Pozo Nu{\textasciitilde n}ez}, Francisco and {H{\"o}nig}, Sebastian F. and {Brandt}, William N.},
    title = "{Expectations for time-delay measurements in active galactic nuclei with the Vera Rubin Observatory}",
    journal = "\aap",
    keywords = "galaxies: active, quasars: emission lines, quasars: supermassive black holes, Astrophysics - Astrophysics of Galaxies",
    year = "2023",
    month = "July",
    volume = "675",
    eid = "A163",
    pages = "A163",
    doi = "10.1051/0004-6361/202345844",
    archivePrefix = "arXiv",
    eprint = "2301.08975",
    primaryClass = "astro-ph.GA",
    adsurl = "https://ui.adsabs.harvard.edu/abs/2023A&A...675A.163C",
    adsnote = "Provided by the SAO/NASA Astrophysics Data System"
}

@ARTICLE{Graham_2017,
    author = "{Graham}, Melissa L. and {Connolly}, Andrew J. and {Ivezi{\'c}}, {\v{Z}}eljko and {Schmidt}, Samuel J. and {Jones}, R. Lynne and {Juri{\'c}}, Mario and {Daniel}, Scott F. and {Yoachim}, Peter",
    title = "{Photometric Redshifts with the LSST: Evaluating Survey Observing Strategies}",
    journal = "\aj",
    keywords = "cosmology: observations, galaxies: distances and redshifts, galaxies: photometry, techniques: photometric, Astrophysics - Cosmology and Nongalactic Astrophysics, Astrophysics - Astrophysics of Galaxies",
    year = "2018",
    month = "January",
    volume = "155",
    number = "1",
    eid = "1",
    pages = "1",
    doi = "10.3847/1538-3881/aa99d4",
    archivePrefix = "arXiv",
    eprint = "1706.09507",
    primaryClass = "astro-ph.CO",
    adsurl = "https://ui.adsabs.harvard.edu/abs/2018AJ....155....1G",
    adsnote = "Provided by the SAO/NASA Astrophysics Data System"
}

@ARTICLE{Gris:2023,
    author = "{Gris}, Philippe and {Regnault}, Nicolas and {Awan}, Humna and {Hook}, Isobel and {Jha}, Saurabh W. and {Lochner}, Michelle and {Sanchez}, Bruno and {Scolnic}, Dan and {Sullivan}, Mark and {Yoachim}, Peter and {LSST Dark Energy Science Collaboration}",
    title = "{Designing an Optimal LSST Deep Drilling Program for Cosmology with Type Ia Supernovae}",
    journal = "\apjs",
    keywords = "Cosmological parameters, 339, Astrophysics - Cosmology and Nongalactic Astrophysics, Astrophysics - Instrumentation and Methods for Astrophysics",
    year = "2023",
    month = "January",
    volume = "264",
    number = "1",
    eid = "22",
    pages = "22",
    doi = "10.3847/1538-4365/ac9e58",
    archivePrefix = "arXiv",
    eprint = "2205.07651",
    primaryClass = "astro-ph.CO",
    adsurl = "https://ui.adsabs.harvard.edu/abs/2023ApJS..264...22G",
    adsnote = "Provided by the SAO/NASA Astrophysics Data System"
}

@ARTICLE{Gris:2024,
    author = "{Gris}, Philippe and {Awan}, Humna and {Becker}, Matthew R. and {Lin}, Huan and {Gawiser}, Eric and {Jha}, Saurabh W. and {The LSST Dark Energy Science Collaboration}",
    title = "{A Cohesive Deep Drilling Field Strategy for LSST Cosmology}",
    journal = "\apjs",
    keywords = "Cosmology, Cosmological parameters, Dark energy, Type Ia supernovae, 343, 339, 351, 1728, Astrophysics - Cosmology and Nongalactic Astrophysics, Astrophysics - Instrumentation and Methods for Astrophysics",
    year = "2024",
    month = "December",
    volume = "275",
    number = "2",
    eid = "21",
    pages = "21",
    doi = "10.3847/1538-4365/ad79f5",
    archivePrefix = "arXiv",
    eprint = "2405.10781",
    primaryClass = "astro-ph.CO",
    adsurl = "https://ui.adsabs.harvard.edu/abs/2024ApJS..275...21G",
    adsnote = "Provided by the SAO/NASA Astrophysics Data System"
}

@ARTICLE{Kovacevic:2022,
    author = "{Kova{\v{c}}evi{\'c}}, Andjelka B. and {Radovi{\'c}}, Viktor and {Ili{\'c}}, Dragana and {Popovi{\'c}}, Luka {\v{C}}. and {Assef}, Roberto J. and {S{\'a}nchez-S{\'a}ez}, Paula and {Nikutta}, Robert and {Raiteri}, Claudia M. and {Yoon}, Ilsang and {Homayouni}, Yasaman and {Li}, Yan-Rong and {Caplar}, Neven and {Czerny}, Bozena and {Panda}, Swayamtrupta and {Ricci}, Claudio and {Jankov}, Isidora and {Landt}, Hermine and {Wolf}, Christian and {Kova{\v{c}}evi{\'c}-Doj{\v{c}}inovi{\'c}}, Jelena and {Laki{\'c}evi{\'c}}, Ma{\v{s}}a and {Savi{\'c}}, {\DJ}or{\dj}e V. and {Vince}, Oliver and {Simi{\'c}}, Sa{\v{s}}a and {{\v{C}}vorovi{\'c}-Hajdinjak}, Iva and {Mar{\v{c}}eta-Mandi{\'c}}, Sladjana",
    title = "{The LSST Era of Supermassive Black Hole Accretion Disk Reverberation Mapping}",
    journal = "\apjs",
    keywords = "Quasars, Accretion, Time domain astronomy, Reverberation mapping, 1319, 14, 2109, 2019, Astrophysics - Instrumentation and Methods for Astrophysics, Astrophysics - High Energy Astrophysical Phenomena",
    year = "2022",
    month = "October",
    volume = "262",
    number = "2",
    eid = "49",
    pages = "49",
    doi = "10.3847/1538-4365/ac88ce",
    archivePrefix = "arXiv",
    eprint = "2208.06203",
    primaryClass = "astro-ph.IM",
    adsurl = "https://ui.adsabs.harvard.edu/abs/2022ApJS..262...49K",
    adsnote = "Provided by the SAO/NASA Astrophysics Data System"
}

@ARTICLE{PhysRevResearch.2.022006,
    author = "{Coughlin}, Michael W. and {Dietrich}, Tim and {Heinzel}, Jack and {Khetan}, Nandita and {Antier}, Sarah and {Bulla}, Mattia and {Christensen}, Nelson and {Coulter}, David A. and {Foley}, Ryan J.",
    title = "{Standardizing kilonovae and their use as standard candles to measure the Hubble constant}",
    journal = "Physical Review Research",
    keywords = "Astrophysics - High Energy Astrophysical Phenomena, Astrophysics - Cosmology and Nongalactic Astrophysics, General Relativity and Quantum Cosmology",
    year = "2020",
    month = "April",
    volume = "2",
    number = "2",
    eid = "022006",
    pages = "022006",
    doi = "10.1103/PhysRevResearch.2.022006",
    archivePrefix = "arXiv",
    eprint = "1908.00889",
    primaryClass = "astro-ph.HE",
    adsurl = "https://ui.adsabs.harvard.edu/abs/2020PhRvR...2b2006C",
    adsnote = "Provided by the SAO/NASA Astrophysics Data System"
}

@ARTICLE{PozoNunez:2024,
    author = "{Pozo Nu{\~ n}ez}, F. and {Czerny}, B. and {Panda}, S. and {Kovacevic}, A. and {Brandt}, W. and {Horne}, K. and {LSST AGN Science Collaboration}",
    title = "{Reevaluating LSST's Capability for Time Delay Measurements in Quasar Accretion Disks}",
    journal = "Research Notes of the American Astronomical Society",
    keywords = "Extragalactic astronomy, Quasars, Astrophysical black holes, 506, 1319, 98, Astrophysics - Cosmology and Nongalactic Astrophysics, Astrophysics - High Energy Astrophysical Phenomena",
    year = "2024",
    month = "February",
    volume = "8",
    number = "2",
    eid = "47",
    pages = "47",
    doi = "10.3847/2515-5172/ad284a",
    archivePrefix = "arXiv",
    eprint = "2402.10969",
    primaryClass = "astro-ph.CO",
    adsurl = "https://ui.adsabs.harvard.edu/abs/2024RNAAS...8...47P",
    adsnote = "Provided by the SAO/NASA Astrophysics Data System"
}

@ARTICLE{Scolnic:2018,
    author = "{Scolnic}, Daniel M. and {Lochner}, Michelle and {Gris}, Phillipe and {Regnault}, Nicolas and {Hlo{\v{z}}ek}, Ren{\'e}e and {Aldering}, Greg and {Allam}, Jr, Tarek and {Awan}, Humna and {Biswas}, Rahul and {Blazek}, Jonathan and {Chang}, Chihway and {Gawiser}, Eric and {Goobar}, Ariel and {Hook}, Isobel M. and {Jha}, Saurabh W. and {McEwen}, Jason D. and {Mandelbaum}, Rachel and {Marshall}, Phil and {Neilsen}, Eric and {Rhodes}, Jason and {Rothchild}, Daniel and {Sevilla Noarbe}, Ignacio and {Slosar}, An{\v{z}}e and {Yoachim}, Peter",
    title = "{Optimizing the LSST Observing Strategy for Dark Energy Science: DESC Recommendations for the Deep Drilling Fields and other Special Programs}",
    journal = "arXiv e-prints",
    keywords = "Astrophysics - Instrumentation and Methods for Astrophysics",
    year = "2018",
    month = "November",
    eid = "arXiv:1812.00516",
    pages = "arXiv:1812.00516",
    doi = "10.48550/arXiv.1812.00516",
    archivePrefix = "arXiv",
    eprint = "1812.00516",
    primaryClass = "astro-ph.IM",
    adsurl = "https://ui.adsabs.harvard.edu/abs/2018arXiv181200516S",
    adsnote = "Provided by the SAO/NASA Astrophysics Data System"
}

@ARTICLE{Yu:2020,
    author = {{Yu}, Zhefu and {Martini}, Paul and {Davis}, T. M. and {Gruendl}, R. A. and {Hoormann}, J. K. and {Kochanek}, C. S. and {Lidman}, C. and {Mudd}, D. and {Peterson}, B. M. and {Wester}, W. and {Allam}, S. and {Annis}, J. and {Asorey}, J. and {Avila}, S. and {Banerji}, M. and {Bertin}, E. and {Brooks}, D. and {Buckley-Geer}, E. and {Calcino}, J. and {Rosell}, A. Carnero and {Carollo}, D. and {Kind}, M. Carrasco and {Carretero}, J. and {Cunha}, C. E. and {D'Andrea}, C. B. and {Costa}, L. N. da and {De Vicente}, J. and {Desai}, S. and {Diehl}, H. T. and {Doel}, P. and {Eifler}, T. F. and {Flaugher}, B. and {Fosalba}, P. and {Frieman}, J. and {Garc{\'\i}a-Bellido}, J. and {Gaztanaga}, E. and {Glazebrook}, K. and {Gruen}, D. and {Gschwend}, J. and {Gutierrez}, G. and {Hartley}, W. G. and {Hinton}, S. R. and {Hollowood}, D. L. and {Honscheid}, K. and {Hoyle}, B. and {James}, D. J. and {Kim}, A. G. and {Krause}, E. and {Kuehn}, K. and {Kuropatkin}, N. and {Lewis}, G. F. and {Lima}, M. and {Macaulay}, E. and {Maia}, M. A. G. and {Marshall}, J. L. and {Menanteau}, F. and {Miquel}, R. and {M{\"o}ller}, A. and {Plazas}, A. A. and {Romer}, A. K. and {Sanchez}, E. and {Scarpine}, V. and {Schubnell}, M. and {Serrano}, S. and {Smith}, M. and {Smith}, R. C. and {Soares-Santos}, M. and {Sobreira}, F. and {Suchyta}, E. and {Swann}, E. and {Swanson}, M. E. C. and {Tarle}, G. and {Tucker}, B. E. and {Tucker}, D. L. and {Vikram}, V.},
    title = "{Quasar Accretion Disk Sizes from Continuum Reverberation Mapping in the DES Standard-star Fields}",
    journal = "\apjs",
    keywords = "Quasars, Supermassive black holes, Accretion, Active galactic nuclei, Reverberation mapping, 1319, 1663, 14, 16, 2019, Astrophysics - Astrophysics of Galaxies",
    year = "2020",
    month = "January",
    volume = "246",
    number = "1",
    eid = "16",
    pages = "16",
    doi = "10.3847/1538-4365/ab5e7a",
    archivePrefix = "arXiv",
    eprint = "1811.03638",
    primaryClass = "astro-ph.GA",
    adsurl = "https://ui.adsabs.harvard.edu/abs/2020ApJS..246...16Y",
    adsnote = "Provided by the SAO/NASA Astrophysics Data System"
}

@ARTICLE{Zhang:2023,
    author = "{Zhang}, Zhuoqi and {Sheldon}, Erin S. and {Becker}, Matthew R.",
    title = "{Deep-field Metacalibration}",
    journal = "The Open Journal of Astrophysics",
    keywords = "Astrophysics - Instrumentation and Methods for Astrophysics, Astrophysics - Cosmology and Nongalactic Astrophysics",
    year = "2023",
    month = "May",
    volume = "6",
    eid = "16",
    pages = "16",
    doi = "10.21105/astro.2206.07683",
    archivePrefix = "arXiv",
    eprint = "2206.07683",
    primaryClass = "astro-ph.IM",
    adsurl = "https://ui.adsabs.harvard.edu/abs/2023OJAp....6E..16Z",
    adsnote = "Provided by the SAO/NASA Astrophysics Data System"
}

@ARTICLE{gianfagna2024potential,
    author = "{Gianfagna}, Giulia and {Piro}, Luigi and {Pannarale}, Francesco and {Van Eerten}, Hendrik and {Ricci}, Fulvio and {Ryan}, Geoffrey",
    title = "{Potential biases and prospects for the Hubble constant estimation via electromagnetic and gravitational-wave joint analyses}",
    journal = "\mnras",
    keywords = "gravitational waves, cosmology: cosmological parameters, gamma-ray bursts, neutron star mergers, Astrophysics - High Energy Astrophysical Phenomena, General Relativity and Quantum Cosmology",
    year = "2024",
    month = "February",
    volume = "528",
    number = "2",
    pages = "2600-2613",
    doi = "10.1093/mnras/stae198",
    archivePrefix = "arXiv",
    eprint = "2309.17073",
    primaryClass = "astro-ph.HE",
    adsurl = "https://ui.adsabs.harvard.edu/abs/2024MNRAS.528.2600G",
    adsnote = "Provided by the SAO/NASA Astrophysics Data System"
}

@ARTICLE{sneppen2023measuring,
    author = "{Sneppen}, Albert and {Watson}, Darach and {Poznanski}, Dovi and {Just}, Oliver and {Bauswein}, Andreas and {Wojtak}, Rados{\l}aw",
    title = "{Measuring the Hubble constant with kilonovae using the expanding photosphere method}",
    journal = "\aap",
    keywords = "distance scale, cosmological parameters, stars: neutron, radiation mechanisms: thermal, Astrophysics - Cosmology and Nongalactic Astrophysics, Astrophysics - High Energy Astrophysical Phenomena",
    year = "2023",
    month = "October",
    volume = "678",
    eid = "A14",
    pages = "A14",
    doi = "10.1051/0004-6361/202346306",
    archivePrefix = "arXiv",
    eprint = "2306.12468",
    primaryClass = "astro-ph.CO",
    adsurl = "https://ui.adsabs.harvard.edu/abs/2023A&A...678A..14S",
    adsnote = "Provided by the SAO/NASA Astrophysics Data System"
}
